% Encoding: windows-1252

@Article{Newton&Raftery,
  author  = {Michael Abbott Newton and Adrian Raftery},
  title   = {Approximate bayesian inference with the weighted likelihood bootstrap},
  journal = {Journal of the Royal Statistical Society Series B (Statistical Methodology)},
  year    = {1994},
  volume  = {56},
  number  = {1},
  pages   = {3-48},
}

@PhdThesis{newton1991,
  author = {Michael Abbott Newton},
  title  = {The weighted likelihood bootstrap and an algorithm for prepivoting},
  school = {University of Washington, Seattle},
  year   = {1991},
  url    = {https://digital.lib.washington.edu/researchworks/handle/1773/8962 },
}

@Article{Knight&Fu,
  author  = {Keith Knight and Wenjiang Fu},
  title   = {Asymptotics for lasso-type estimators},
  journal = {The Annals of Statistics},
  year    = {2000},
  volume  = {28},
  number  = {5},
  pages   = {1356-1378},
}

@Article{Chatterjee&Lahiri,
  author  = {A. Chatterjee and S. N. Lahiri},
  title   = {Strong consistency of lasso estimators},
  journal = {Sankhya: The Indian Journal of Statistics, Series A},
  year    = {2011},
  volume  = {73},
  number  = {1},
  pages   = {55-78},
}

@Unpublished{Geyer1996,
  author = {Charles Geyer},
  title  = {On the asymptotics of convex stochastic optimization},
  note   = {Unpublished manuscript},
  year   = {1996},
}

@Article{Pollard1991,
  author  = {David Pollard},
  title   = {Asymptotics for least absolute deviation regression estimators},
  journal = {Econometric Theory},
  year    = {1991},
  volume  = {7},
  number  = {2},
  pages   = {186-199},
}

@Article{Lasso,
  author  = {Robert Tibshirani},
  title   = {Regression shrinkage and selection via the lasso},
  journal = {Journal of the Royal Statistical Society Series B (Statistical Methodology)},
  year    = {1996},
  volume  = {58},
  number  = {1},
  pages   = {267-288},
}

@Article{LSEstrong,
  author  = {T. L. Lai and Herbert Robbins and C. Z. Wei},
  title   = {Strong consistency of least squares estimates in multiple regression},
  journal = {Proceedings of National Academy of Sciences},
  year    = {1978},
  volume  = {75},
  number  = {7},
  pages   = {3034 - 3036},
}

@Article{BinYu,
  author  = {Peng Zhao and Bin Yu},
  title   = {On model selection consistency of Lasso},
  journal = {Journal of Machine Learning Research},
  year    = {2006},
  volume  = {7},
  pages   = {2541-2563},
}

@Book{durrett,
  title     = {Probability: Theory and Examples (Cambridge Series in Statistical and Probabilistic Mathematics)},
  publisher = {Cambridge: Cambridge University Press},
  year      = {2010},
  author    = {Rick Durrett},
  address   = {New York, USA},
  edition   = {4th},
}

@Book{junshao,
  title     = {Mathematical Statistics (Springer Texts in Statistics)},
  publisher = {Springer},
  year      = {2003},
  author    = {Jun Shao},
  address   = {New York, USA},
  edition   = {2nd},
}

@Article{WBB,
  author  = {Michael Newton and Nicholas G. Polson and Jianeng Xu},
  title   = {Weighted Bayesian Bootstrap for Scalable Posterior Distributions},
  journal = {The Canadian Journal of Statistics},
  url={https://doi.org/10.1002/cjs.11570},
  year    = {2020},
}

@Article{NarisettyHe2014,
  author  = {Naveen Naidu Narisetty and Xuming He},
  title   = {Bayesian variable selection with shrinking and diffusing priors},
  journal = {The Annals of Statistics},
  year    = {2014},
  volume  = {42},
  number  = {2},
  pages   = {789-817},
}

@Article{JohnsonRossell,
  author  = {Valen Johnson and David Rossell},
  title   = {Bayesian model selection in high-dimensional settings},
  journal = {Journal of the American Statistical Association},
  year    = {2012},
  volume  = {107},
  number  = {498},
  pages   = {649-660},
}

@Book{vanderVaartbook,
  title     = {Asymptotic Statistics (Cambridge Series in Statistical and Probabilistic Mathematics)},
  publisher = {Cambridge University Press},
  year      = {1998},
  author    = {A. W. van der Vaart},
}

@Article{hastings,
  author  = {W.K. Hastings},
  title   = {Monte Carlo sampling methods using Markov chains and their applications},
  journal = {Biometrika},
  year    = {1970},
  volume  = {57},
  number  = {1},
  pages   = {97-109},
}

@Article{metropolis,
  author  = {Nicholas Metropolis and Arianna W. Rosenbluth and Marshall N. Rosenbluth and Augusta H. Teller and Edward Teller},
  title   = {Equation of State Calculations by Fast Computing Machines},
  journal = {Journal of Chemical Physics},
  year    = {1953},
  volume  = {21},
  number  = {6},
  pages   = {1087-1092},
}

@Article{gemangeman,
  author  = {Stuart Geman and Donald Geman},
  title   = {Stochastic Relaxation, Gibbs Distributions, and the Bayesian Restoration of Images},
  journal = {IEEE Transactions on Pattern Analysis and Machine Intelligence},
  year    = {1984},
  volume  = {6},
  number  = {6},
  pages   = {721-741},
}

@Article{GelfandSmith,
  author  = {Alan E. Gelfand and Adrian F. M. Smith},
  title   = {Sampling-Based Approaches to Calculating Marginal Densities},
  journal = {Journal of the American Statistical Association},
  year    = {1990},
  volume  = {85},
  number  = {410},
  pages   = {398-409},
}

@Book{RobertCasella,
  title     = {Monte Carlo Statistical Methods},
  publisher = {Springer Texts in Statistics},
  year      = {2004},
  author    = {Christian Robert and George Casella},
  editor    = {Springer-Verlag},
  address   = {New York, NY},
  edition   = {2},
}

@Article{WellingTeh,
  author  = {Max Welling and Yee Whye Teh},
  title   = {Bayesian Learning via Stochastic Gradient Langevin Dynamics},
  journal = {Proceedings of International Conference on Machine Learning},
  year    = {2011},
}

@Article{MosselVigoda,
  author  = {Elchanan Mossel and Eric Vigoda},
  title   = {Limitations of Markov Chain Monte Carlo Algorithms for Bayesian Inference of Phylogeny},
  journal = {The Annals of Applied Probability},
  year    = {2006},
  volume  = {16},
  number  = {4},
  pages   = {2215-2234},
}

@Article{Blei,
  author  = {David M. Blei and Alp Kucukelbir and Jon D. McAuliffe},
  title   = {Variational Inference: A Review for Statisticians},
  journal = {Journal of the American Statistical Association},
  year    = {2017},
  volume  = {112},
  number  = {518},
  pages   = {859-877},
}

@Article{Lyddon2019Biometrika,
  author  = {S. P. Lyddon and C. C. Holmes and S. G. Walker},
  title   = {General Bayesian updating and the loss-likelihood bootstrap},
  journal = {Biometrika},
  year    = {2019},
  volume  = {106},
  number  = {2},
  pages   = {465-478}
}

@Article{GeorgeMcCulloch,
  author  = {Edward I. George and Robert E. McCulloch},
  title   = {Variable Selection Via Gibbs Sampling},
  journal = {Journal of the American Statistical Association},
  year    = {1993},
  volume  = {88},
  number  = {423},
  pages   = {881-889},
}

@Article{ElasticNet,
  author  = {Hui Zou and Trevor Hastie},
  title   = {Regularization and variable selection via the elastic net},
  journal = {Journal of Royal Statistical Society Series B (Statistical Methodology)},
  year    = {2005},
  volume  = {67},
  number  = {2},
  pages   = {301-320},
}

@Article{BayesFactor,
  author  = {James O. Berger and Luis R. Pericchi},
  title   = {The Intrinsic Bayes Factor for Model Selection and Prediction},
  journal = {Journal of the American Statistical Association},
  year    = {1996},
  volume  = {91},
  number  = {433},
  pages   = {109-122},
}

@Article{Liang2008gPriors,
  author  = {Feng Liang and Rui Paulo and German Molina and Merlise A Clyde and James O Berger},
  title   = {Mixtures of g Priors for Bayesian Variable Selection},
  journal = {Journal of the American Statistical Association},
  year    = {2008},
  volume  = {103},
  number  = {481},
  pages   = {410-423},
}

@Article{SCAD,
  author  = {Jianqing Fan and Runze Li},
  title   = {Variable selection via nonconcave penalized likelihood and its oracle properties},
  journal = {Journal of the American Statistical Association},
  year    = {2001},
  volume  = {96},
  number  = {456},
  pages   = {1348-1360},
}

@Article{dantzig,
  author  = {Emmanuel Candes and Terence Tao},
  title   = {The Dantzig selector: statistical estimation when p is much larger than n},
  journal = {The Annals of Statistics},
  year    = {2007},
  volume  = {35},
  number  = {6},
  pages   = {2313-2351},
}

@Article{BayesianLasso,
  author  = {Trevor Park and George Casella},
  title   = {The Bayesian Lasso},
  journal = {Journal of the American Statistical Association},
  year    = {2008},
  volume  = {103},
  number  = {482},
  pages   = {681-686},
}

@Article{LassoUnique,
  author  = {Ryan J. Tibshirani},
  title   = {The lasso problem and uniqueness},
  journal = {Electronic Journal of Statistics},
  year    = {2013},
  volume  = {7},
  pages   = {1456-1490},
}

@Article{moreno2010,
  author  = {Elias Moreno and F. Javier Giron and George Casella},
  title   = {Consistency of objective Bayes factors as the model dimension grows},
  journal = {The Annals of Statistics},
  year    = {2010},
  volume  = {38},
  number  = {4},
  pages   = {1937-1952},
}

@Article{Liu&Yu,
  author  = {Hanzhong Liu and Bin Yu},
  title   = {Asymptotic properties of Lasso+mLS and Lasso+Ridge in sparse high-dimensional linear regression},
  journal = {Electronic Journal of Statistics},
  year    = {2013},
  volume  = {7},
  pages   = {3124-3169},
}

@Article{Chen&Walker,
  author  = {Su Chen and Stephen G. Walker},
  title   = {Fast Bayesian variable selection for high dimensional linear models: Marginal solo spike and slab priors},
  journal = {Electronic Journal of Statistics},
  year    = {2019},
  volume  = {13},
  pages   = {284-309},
}

@Article{lars,
  author  = {Bradley Efron and Trevor Hastie and Iain Johnstone and Robert Tibshirani},
  title   = {Least angle regression},
  journal = {The Annals of Statistics},
  year    = {2004},
  volume  = {32},
  number  = {2},
  pages   = {407-499},
}

@Article{Bissiri2016JRSSB,
  author  = {Pier Giovanni Bissiri and Christopher C. Holmes and Stephen G. Walker},
  title   = {A general framework for updating belief distributions},
  journal = {Journal of the Royal Statistical Society Series B (Statistical Methodology)},
  year    = {2016},
  volume  = {78},
  number  = {5},
  pages   = {1103-1130},
}

@InProceedings{Lyddon2018NIPS,
  author    = {Simon Lyddon and Stephen Walker and Chris Holmes},
  title     = {Nonparametric Learning from Bayesian Models with Randomized Objective Functions},
  booktitle = {Proceedings of the 32Nd International Conference on Neural Information Processing Systems},
  year      = {2018},
  series    = {NIPS'18},
  pages     = {2075--2085},
  publisher = {Curran Associates Inc.},
  url       = {http://dl.acm.org/citation.cfm?id=3326943.3327135},
}

@InProceedings{Fong2019ICML,
  author    = {Edwin Fong and Simon Lyddon and Christopher C. Holmes},
  title     = {Scalable nonparametric sampling from multimodal posteriors with the posterior bootstrap},
  booktitle = {Proceedings of the 36th International Conference on Machine Learning (ICML)},
  year      = {2019},
}


@article{carpenter2017stan,
  title={Stan: A probabilistic programming language},
  author={Carpenter, Bob and Gelman, Andrew and Hoffman, Matthew D and Lee, Daniel and Goodrich, Ben and Betancourt, Michael and Brubaker, Marcus and Guo, Jiqiang and Li, Peter and Riddell, Allen},
  journal={Journal of statistical software},
  volume={76},
  number={1},
  year={2017},
  publisher={Columbia Univ., New York, NY (United States); Harvard Univ., Cambridge, MA~…}
}

@article{tibshirani2011solution,
  title={The solution path of the generalized lasso},
  author={Tibshirani, Ryan J and Taylor, Jonathan},
  journal={The Annals of Statistics},
  volume={39},
  number={3},
  pages={1335--1371},
  year={2011},
  publisher={Institute of Mathematical Statistics}
}

@article{bhadra2019lasso,
  title={Lasso meets horseshoe: A survey},
  author={Bhadra, Anindya and Datta, Jyotishka and Polson, Nicholas G and Willard, Brandon and others},
  journal={Statistical Science},
  volume={34},
  number={3},
  pages={405--427},
  year={2019},
  publisher={Institute of Mathematical Statistics}
}

@article{jordan2013statistics,
  title={On statistics, computation and scalability},
  author={Jordan, Michael I and others},
  journal={Bernoulli},
  volume={19},
  number={4},
  pages={1378--1390},
  year={2013},
  publisher={Bernoulli Society for Mathematical Statistics and Probability}
}

@article{duchi2015optimal,
  title={Optimal rates for zero-order convex optimization: The power of two function evaluations},
  author={Duchi, John C and Jordan, Michael I and Wainwright, Martin J and Wibisono, Andre},
  journal={IEEE Transactions on Information Theory},
  volume={61},
  number={5},
  pages={2788--2806},
  year={2015},
  publisher={IEEE}
}

@article{muliere1996bayesian,
  title={Bayesian nonparametric predictive inference and bootstrap techniques},
  author={Muliere, Pietro and Secchi, Piercesare},
  journal={Annals of the Institute of Statistical Mathematics},
  volume={48},
  number={4},
  pages={663--673},
  year={1996},
  publisher={Springer}
}

@article{hjort2005exact,
  title={Exact inference for random Dirichlet means},
  author={Hjort, Nils Lid and Ongaro, Andrea},
  journal={Statistical Inference for Stochastic Processes},
  volume={8},
  number={3},
  pages={227--254},
  year={2005},
  publisher={Springer}
}

@article{hjort1991bayesian,
  title={Bayesian and empirical Bayesian bootstrapping},
  author={Hjort, Nils Lid},
  journal={Preprint series. Statistical Research Report http://urn. nb. no/URN: NBN: no-23420},
  year={1991},
  publisher={Matematisk Institutt, Universitetet i Oslo}
}

@article{lo1991bayesian,
  title={Bayesian bootstrap clones and a biometry function},
  author={Lo, Albert Y.},
  journal={Sankhy{\=a}: The Indian Journal of Statistics, Series A},
  pages={320--333},
  year={1991},
  publisher={JSTOR}
}

@article{ferguson1973,
    author = "Ferguson, Thomas S.",
    journal = "The Annals of Statistics",
    month = "03",
    number = "2",
    pages = "209--230",
    publisher = "The Institute of Mathematical Statistics",
    title = "A Bayesian Analysis of Some Nonparametric Problems",
    url = "https://doi.org/10.1214/aos/1176342360",
    volume = "1",
    year = "1973"
}

@article{ghosal1999,
    author = "Ghosal, S. and Ghosh, J. K. and Ramamoorthi, R. V.",
    doi = "10.1214/aos/1018031105",
    journal = "The Annals of Statistics",
    month = "03",
    number = "1",
    pages = "143--158",
    publisher = "The Institute of Mathematical Statistics",
    title = "Posterior consistency of Dirichlet mixtures in density estimation",
    url = "https://doi.org/10.1214/aos/1018031105",
    volume = "27",
    year = "1999"
}

@article{ghosal2000,
    author = "Ghosal, Subhashis and Ghosh, Jayanta K. and van der Vaart, Aad W.",
    doi = "10.1214/aos/1016218228",
    journal = "The Annals of Statistics",
    month = "04",
    number = "2",
    pages = "500--531",
    publisher = "The Institute of Mathematical Statistics",
    title = "Convergence rates of posterior distributions",
    url = "https://doi.org/10.1214/aos/1016218228",
    volume = "28",
    year = "2000"
}

@inproceedings{huber1967,
    address = "Berkeley, Calif.",
    author = "Huber, Peter J.",
    booktitle = "Proceedings of the Fifth Berkeley Symposium on Mathematical Statistics and Probability, Volume 1: Statistics",
    pages = "221--233",
    publisher = "University of California Press",
    title = "The behavior of maximum likelihood estimates under nonstandard conditions",
    url = "https://projecteuclid.org/euclid.bsmsp/1200512988",
    year = "1967"
}

@article{kleijn2012,
    author = "Kleijn, B.J.K. and van der Vaart, A.W.",
    doi = "10.1214/12-EJS675",
    journal = "Electronic Journal of Statistics",
    pages = "354--381",
    publisher = "The Institute of Mathematical Statistics and the Bernoulli Society",
    title = "The Bernstein-Von-Mises theorem under misspecification",
    url = "https://doi.org/10.1214/12-EJS675",
    volume = "6",
    year = "2012"
}

@Article{ScaleMixtureNormal,
  author  = {D. F. Andrews and C. L. Mallows},
  title   = {Scale mixtures of Normal distributions},
  journal = {Journal of Royal Statistical Society Series B (Statistical Methodology)},
  year    = {1974},
  volume  = {36},
  number  = {1},
  pages   = {99-102},
}

@Article{Linnik1961,
  author  = {Yuri Vladimirovich Linnik},
  title   = {Limit theorems for sums of independent variables taking into account large deviations},
  journal = {Theory of Probability and its Applications},
  year    = {1961},
  volume  = {6},
  number  = {2},
  pages   = {131-148},
}

@Article{Nagaev1979,
  author  = {S. V. Nagaev},
  title   = {Large deviations of sums of independent random variables},
  journal = {The Annals of Probability},
  year    = {1979},
  volume  = {7},
  number  = {5},
  pages   = {745-789},
}
@Book{RencherSchaalje,
  title     = {Linear Models in Statistics},
  publisher = {John Wiley and Sons},
  year      = {2008},
  author    = {Alvin Rencher and Bruce Schaalje},
  edition   = {Second},
}

@Book{weyl,
  title     = {Matrix Analysis},
  publisher = {Cambridge University Press},
  year      = {2013},
  author    = {Roger A. Horn and Charles R. Johnson},
  edition   = {Second},
}

@Article{Zou2006,
  author  = {Hui Zou},
  title   = {The Adaptive Lasso and Its Oracle Properties},
  journal = {Journal of the American Statistical Association},
  year    = {2006},
  volume  = {101},
  number  = {476},
  pages   = {1418--1429},
}

@Article{Osborne2000,
  author  = {Michael R. Osborne and Brett Presnell and Berwin A. Turlach},
  title   = {On the LASSO and Its Dual},
  journal = {Journal of Computational and Graphical Statistics},
  year    = {2000},
  volume  = {9},
  number  = {2},
  pages   = {319--337},
}

@Article{Ishwaran2002,
  author  = {Hemant Ishwaran and Mahmoud Zarepour},
  title   = {Exact and approximate sum representations for the Dirichlet process},
  journal = {Canadian Journal of Statistics},
  year    = {2002},
  volume  = {30},
  number  = {2},
  pages   = {269-283},
}

@Article{Sethuraman1994,
  author  = {Jayaram Sethuraman},
  title   = {A constructive definition of dirichlet priors},
  journal = {Statistica Sinica},
  year    = {1994},
  volume  = {4},
  pages   = {639-650},
}

@Article{Castillo2015,
  author  = {Ismael Castillo and Johannes Schmidt-Hieber and Aad van der Vaart},
  title   = {Bayesian linear regression with sparse priors},
  journal = {The Annals of Statistics},
  year    = {2015},
  volume  = {43},
  number  = {5},
  pages   = {1986--2018},
}

@Article{Das2019,
  author  = {Debraj Das and S. N. Lahiri},
  title   = {Distributional consistency of the lasso by perturbation bootstrap},
  journal = {Biometrika},
  year    = {2019},
  volume  = {106},
  number  = {4},
  pages   = {957--964},
}

@Article{DasGreg2019,
  author  = {Debraj Das and Karl Gregory and S. N. Lahiri},
  title   = {Perturbation bootstrap in Adaptive Lasso},
  journal = {The Annals of Statistics},
  year    = {2019},
  volume  = {47},
  number  = {4},
  pages   = {2080--2116},
}

@Article{Jin2001,
  author  = {Zhezhen Jin and Zhiliang Ying and Lee-Jen Wei},
  title   = {A simple resampling method by perturbing the minimand},
  journal = {Biometrika},
  year    = {2001},
  volume  = {88},
  number  = {2},
  pages   = {381--390},
}

@Article{ChatterjeeBose2005,
  author  = {S. Chatterjee and Arup Bose},
  title   = {Generalized bootstrap for estimating equations},
  journal = {The Annals of Statistics},
  year    = {2005},
  volume  = {33},
  number  = {1},
  pages   = {414--436},
}

@Article{Minnier2011,
  author  = {Jessica Minnier and Lu Tian and Tianxi Cai},
  title   = {A perturbation method for inference on regularized regression estimates},
  journal = {Journal of the American Statistical Association},
  year    = {2011},
  volume  = {106},
  number  = {496},
  pages   = {1371--1382},
}

@Article{Chatterjee2010,
  author  = {A. Chatterjee and S. N. Lahiri},
  title   = {Asymptotic properties of the residual bootstrap for Lasso estimators},
  journal = {Proceedings of the American Mathematical Society},
  year    = {2010},
  volume  = {138},
  number  = {12},
  pages   = {4497--4509},
}

@Article{Chatterjee2011Jasa,
  author  = {A. Chatterjee and S. N. Lahiri},
  title   = {Bootstrapping Lasso estimators},
  journal = {Journal of the American Statistical Association},
  year    = {2011},
  volume  = {106},
  number  = {494},
  pages   = {608--625},
}

@Article{Camponovo2015,
  author  = {L. Camponovo},
  title   = {On the validity of the pairs bootstrap for lasso estimators},
  journal = {Biometrika},
  year    = {2015},
  volume  = {102},
  number  = {4},
  pages   = {981--987},
}

@Article{MatrixIdentity,
  author  = {H. V. Henderson and S. R. Searle},
  title   = {On Deriving the Inverse of a Sum of Matrices},
  journal = {SIAM Review},
  year    = {1981},
  volume  = {23},
  number  = {1},
  pages   = {53--60},
}

@Manual{monomvn,
  title  = {monomvn: Estimation for MVN and Student-t Data with Monotone Missingness},
  author = {Robert B. Gramacy and Cleve Moler and Berwin A. Turlach},
  year   = {2019},
  note   = {R package version 1.9-13},
  url    = {https://CRAN.R-project.org/package=monomvn},
}

@Article{glmnet,
  author  = {Jerome Friedman and Trevor Hastie and Robert Tibshirani},
  title   = {Regularization Paths for Generalized Linear Models via Coordinate Descent},
  journal = {Journal of Statistical Software},
  year    = {2010},
  volume  = {33},
  number  = {1},
  pages   = {1--22},
  url     = {http://www.jstatsoft.org/v33/i01/},
}

@Book{MASS,
  title     = {Modern Applied Statistics with S},
  publisher = {Springer},
  year      = {2002},
  author    = {W. N. Venables and B. D. Ripley},
  address   = {New York},
  edition   = {Fourth},
  note      = {ISBN 0-387-95457-0},
  url       = {http://www.stats.ox.ac.uk/pub/MASS4},
}

@Article{rjmcmc,
  author  = {Peter J. Green},
  title   = {Reversible jump Markov chain Monte Carlo computation and Bayesian model determination},
  journal = {Biometrika},
  year    = {1995},
  volume  = {82},
  number  = {4},
  pages   = {711--732},
}

@Manual{R,
  title        = {R: A Language and Environment for Statistical Computing},
  author       = {{R Core Team}},
  organization = {R Foundation for Statistical Computing},
  address      = {Vienna, Austria},
  year         = {2019},
  url          = {https://www.R-project.org/},
}

@Article{mason1992rank,
  author  = {David M. Mason and Michael A. Newton},
  title   = {A rank statistics approach to the consistency of a general bootstrap},
  journal = {The Annals of Statistics},
  year    = {1992},
  volume  = {20},
  number  = {3},
  pages   = {1611--1624},
}

@Article{qin2019convergence,
  author    = {Qin, Qian and Hobert, James P and others},
  title     = {Convergence complexity analysis of Albert and Chib's algorithm for Bayesian probit regression},
  journal   = {Annals of Statistics},
  year      = {2019},
  volume    = {47},
  number    = {4},
  pages     = {2320--2347},
  publisher = {Institute of Mathematical Statistics},
}

@Article{robert2018accelerating,
  author    = {Robert, Christian P and Elvira, V{\'\i}ctor and Tawn, Nick and Wu, Changye},
  title     = {Accelerating MCMC algorithms},
  journal   = {Wiley Interdisciplinary Reviews: Computational Statistics},
  year      = {2018},
  volume    = {10},
  number    = {5},
  pages     = {e1435},
  publisher = {Wiley Online Library},
}

@Article{rajaratnam2015mcmc,
  author  = {Rajaratnam, Bala and Sparks, Doug},
  title   = {MCMC-based inference in the era of big data: A fundamental analysis of the convergence complexity of high-dimensional chains},
  journal = {arXiv preprint arXiv:1508.00947},
  year    = {2015},
}

@Comment{jabref-meta: databaseType:bibtex;}
