% Encoding: windows-1252

@Article{FusedLasso,
  author  = {Robert Tibshirani and Michael Saunders and Saharon Rosset and Ji Zhu and Keith Knight},
  title   = {Sparsity and smoothness via the fused lasso},
  journal = {Journal of the Royal Statistical Society. Series B (Statistical Methodology)},
  year    = {2005},
  volume  = {67},
  number  = {1},
  pages   = {91-108},
}

@Article{Newton&Raftery,
  author  = {Michael Abbott Newton and Adrian Raftery},
  title   = {Approximate bayesian inference with the weighted likelihood bootstrap},
  journal = {Journal of the Royal Statistical Society. Series B (Statistical Methodology)},
  year    = {1994},
  volume  = {56},
  number  = {1},
  pages   = {3-48},
}

@Article{DPpackage,
  author  = {Alejandro Jara and Timothy Hanson and Fernando Quintana and Peter Mueller and Gary Rosner},
  title   = {DPpackage: Bayesian semi- and nonparametric modeling in R},
  journal = {Journal of Statistical Software},
  year    = {2011},
  volume  = {40},
  number  = {5},
  pages   = {1-30},
}

@PhdThesis{newton1991,
  author = {Michael Abbott Newton},
  title  = {The weighted likelihood bootstrap and an algorithm for prepivoting},
  school = {University of Washington, Seattle},
  year   = {1991},
  url    = {https://digital.lib.washington.edu/researchworks/handle/1773/8962 },
}

@Article{MatrixChebyshev,
  author  = {Lester Mackey and Michael Jordan and Richard Chen and Brendan Farrell and Joel Tropp},
  title   = {Matrix concentration inequalities via the method of exchangable pairs},
  journal = {The Annals of Probability},
  year    = {2014},
  volume  = {42},
  number  = {3},
  pages   = {906-945},
}

@Article{Knight&Fu,
  author  = {Keith Knight and Wenjiang Fu},
  title   = {Asymptotics for lasso-type estimators},
  journal = {The Annals of Statistics},
  year    = {2000},
  volume  = {28},
  number  = {5},
  pages   = {1356-1378},
}

@Article{Chatterjee&Lahiri,
  author  = {A. Chatterjee and S. N. Lahiri},
  title   = {Strong consistency of lasso estimators},
  journal = {Sankhya: The Indian Journal of Statistics, Series A},
  year    = {2011},
  volume  = {73},
  number  = {1},
  pages   = {55-78},
}

@Unpublished{Geyer1996,
  author = {Charles Geyer},
  title  = {On the asymptotics of convex stochastic optimization},
  note   = {Unpublished manuscript},
  year   = {1996},
}

@Article{Pollard1991,
  author  = {David Pollard},
  title   = {Asymptotics for least absolute deviation regression estimators},
  journal = {Econometric Theory},
  year    = {1991},
  volume  = {7},
  number  = {2},
  pages   = {186-199},
}

@Article{Rinaldo2009,
  author  = {Alessandro Rinaldo},
  title   = {Properties and refinements of the fused lasso},
  journal = {The Annals of Statistics},
  year    = {2009},
  volume  = {37},
  number  = {5B},
  pages   = {2922-2952},
}

@Article{Lasso,
  author  = {Robert Tibshirani},
  title   = {Regression shrinkage and selection via the lasso},
  journal = {Journal of the Royal Statistical Society. Series B (Statistical Methodology)},
  year    = {1996},
  volume  = {58},
  number  = {1},
  pages   = {267-288},
}

@Article{strawderman1994,
  author  = {Robert L. Strawderman},
  title   = {A note on necessary and sufficient conditions for proving that a random symmetric matrix converges to a given limit},
  journal = {Statistics \& Probability Letters},
  year    = {1994},
  volume  = {21},
  number  = {5},
  pages   = {367-370},
}

@Article{LSEstrong,
  author  = {T. L. Lai and Herbert Robbins and C. Z. Wei},
  title   = {Strong consistency of least squares estimates in multiple regression},
  journal = {Proceedings of National Academy of Sciences},
  year    = {1978},
  volume  = {75},
  number  = {7},
  pages   = {3034 - 3036},
}

@Comment{jabref-meta: databaseType:bibtex;}
