@ARTICLE{NgNew2022,
    AUTHOR = {Tun Lee Ng and Michael A. Newton},
     TITLE = {Random weighting in LASSO regression},
   JOURNAL = {Electron. J. Statist.},
  FJOURNAL = {Electronic Journal of Statistics},
      YEAR = {2022},
    VOLUME = {16},
    NUMBER = {1},
     PAGES = {3430-3481},
      ISSN = {1935-7524},
       DOI = {10.1214/22-EJS2020},
      SICI = {1935-7524(2022)16:1<3430:RWILR>2.0.CO;2-8},
}

